<record><leader>00000cas a22000007a 4500</leader><controlfield tag="001">27347592</controlfield><controlfield tag="008">930129d18841887ctuwr ne      0    0eng d</controlfield><datafield ind1=" " ind2=" " tag="010"><subfield code="a">sn 93053714 </subfield></datafield><datafield ind1=" " ind2=" " tag="040"><subfield code="a">CNW</subfield><subfield code="b">eng</subfield><subfield code="c">CNW</subfield><subfield code="d">OCLCQ</subfield></datafield><datafield ind1=" " ind2=" " tag="042"><subfield code="a">msc</subfield></datafield><datafield ind1="0" ind2=" " tag="130"><subfield code="a">Waterbury weekly Republican (Waterbury, Conn. : 1884)</subfield></datafield><datafield ind1="1" ind2="0" tag="245"><subfield code="a">Waterbury weekly Republican.</subfield></datafield><datafield ind1=" " ind2=" " tag="260"><subfield code="a">Waterbury, Conn. :</subfield><subfield code="b">J. Henry Morrow</subfield></datafield><datafield ind1=" " ind2=" " tag="300"><subfield code="a">v.</subfield></datafield><datafield ind1=" " ind2=" " tag="310"><subfield code="a">Weekly</subfield></datafield><datafield ind1="0" ind2=" " tag="362"><subfield code="a">Vol. 3, no. 10 (Jan. 18, 1884)-Apr. 15, 1887.</subfield></datafield><datafield ind1=" " ind2=" " tag="500"><subfield code="a">Woodbury ed. available in &lt;1884&gt;.</subfield></datafield><datafield ind1=" " ind2=" " tag="515"><subfield code="a">Issues for Oct. 29, 1886-1887 lack numbering.</subfield></datafield><datafield ind1=" " ind2=" " tag="530"><subfield code="a">Available on microfilm from UMI, on film with: Waterbury daily republican.</subfield></datafield><datafield ind1=" " ind2=" " tag="580"><subfield code="a">Daily ed.: Waterbury daily Republican.</subfield></datafield><datafield ind1=" " ind2="4" tag="651"><subfield code="a">Waterbury (Conn.)</subfield><subfield code="v">Newspapers.</subfield></datafield><datafield ind1=" " ind2="4" tag="651"><subfield code="a">Woodbury (Conn.)</subfield><subfield code="v">Newspapers.</subfield></datafield><datafield ind1=" " ind2=" " tag="752"><subfield code="a">United States</subfield><subfield code="b">Connecticut</subfield><subfield code="c">New Haven</subfield><subfield code="d">Waterbury.</subfield></datafield><datafield ind1="1" ind2=" " tag="775"><subfield code="t">Waterbury daily Republican</subfield><subfield code="w">(DLC)sn 93053721</subfield></datafield><datafield ind1="0" ind2="0" tag="780"><subfield code="t">Waterbury Republican (Waterbury, Conn. : 1884)</subfield><subfield code="w">(DLC)sn 93053713</subfield></datafield><datafield ind1="0" ind2="0" tag="785"><subfield code="t">Waterbury Republican (Waterbury, Conn. : 1887)</subfield><subfield code="w">(DLC)sn 93053715</subfield></datafield><datafield ind1="1" ind2=" " tag="029"><subfield code="a">AU@</subfield><subfield code="b">000020736650</subfield></datafield></record>